@inproceedings{tyepcheckprintf,
 author = {Weitz, Konstantin and Kim, Gene and Srisakaokul, Siwakorn and Ernst, Michael D.},
 title = {A Type System for Format Strings},
 booktitle = {ISSTA},
 year = {2014}
} 

@misc{NodeChakraCore,
	Key = {NodeChakraCore},
	Note = {\url{https://github.com/nodejs/node-chakracore/}},
	Title = {{N}ode with {C}hakra{C}ore}
}

@misc{NAPI,
	Key = {NAPI},
	Note = {\url{https://nodejs.org/api/n-api.html#n_api_n_api/}},
	Title = {{N-API}}
}

@misc{StackDriver,
	Key = {StackDriver},
	Note = {\url{https://cloud.google.com/stackdriver/}},
	Title = {{S}tackdriver}
}

@misc{NSolid,
	Key = {NSolid},
	Note = {\url{https://nodesource.com/products/nsolid/}},
	Title = {{N}|{S}olid}
}

@misc{AppInsights,
	Key = {AppInsights},
	Note = {\url{https://azure.microsoft.com/en-us/services/application-insights/}},
	Title = {{A}pp{I}nsights}
}

@misc{Node,
	Key = {Node},
	Note = {\url{https://nodejs.org/}},
	Title = {{Node}.js}
}

@misc{log4j,
	Key = {log4j},
	Note = {\url{https://logging.apache.org/log4j/2.x/}},
	Title = {{L}og4j}
}

@misc{winston,
	Key = {winston},
	Note = {\url{https://github.com/winstonjs/winston/}},
	Title = {winston}
}

@misc{bunyan,
	Key = {bunyan},
	Note = {\url{https://github.com/trentm/node-bunyan/}},
	Title = {bunyan}
}